@article{Censor:78,
author = {Y. Censor},
title = {Pareto optimality in multiobjective problems},
pages = {41-59},
journal = {Appl. Math. and Optim.},
volume = {4},
number = {1},
year = {1978}
}

@misc{Cook:2007,
	author    = {D. Cook},
	title     = {The chemistry of game design},
	howpublished = {\url{http://www.gamasutra.com/view/feature/129948/the_chemistry_of_game_design.php}},
	pages = {7},
	year     = {2007},
	note = {Consultado: 2015-05-26}
}

@inproceedings{Misura-Gartner:2009,
	author    = {O. Missura and T. G{\"{a}}rtner},
	title     = {Player Modeling for Intelligent Difficulty Adjustment},
	booktitle = {Discovery Science, 12th International Conference, {DS} 2009, Porto,
	Portugal, October 3-5, 2009},
	pages     = {197--211},
	year      = {2009},
	doi       = {10.1007/978-3-642-04747-3_17}
}

@inproceedings{hunicke:2005,
	author={R. Hunicke},
	title={The case for dynamic difficulty adjustment in games},	
	booktitle={Proceedings of the 2005 ACM SIGCHI International Conference on Advances in computer entertainment technology},
	pages={429-433},
	year={2005},
	organization={ACM}
}

@article{BreukelaarDHHKL04,
  author    = {Ron Breukelaar and
               Erik D. Demaine and
               Susan Hohenberger and
               Hendrik Jan Hoogeboom and
               Walter A. Kosters and
               David Liben{-}Nowell},
  title     = {Tetris is hard, even to approximate},
  journal   = {Int. J. Comput. Geometry Appl.},
  volume    = {14},
  number    = {1-2},
  pages     = {41--68},
  year      = {2004},
  url       = {http://dx.doi.org/10.1142/S0218195904001354},
  doi       = {10.1142/S0218195904001354},
  timestamp = {Thu, 19 Aug 2004 12:26:30 +0200},
  biburl    = {http://dblp.uni-trier.de/rec/bib/journals/ijcga/BreukelaarDHHKL04},
  bibsource = {dblp computer science bibliography, http://dblp.org}
}

@article{Hunicke2004,
	author = {Hunicke, Robin and Chapman, Vernell},
	doi = {10.1145/1178477.1178573},
	file = {:C$\backslash$:/Users/SoPhie/Documents/Google Drive/Estudios/M{\'{a}}ster en Ingenier{\'{i}}a Inform{\'{a}}tica/TFM/Referencias/AI4DifficultAdjustment.pdf:pdf},
	isbn = {1595931104},
	journal = {Challenges in Game Artificial Intelligence AAAI {\ldots}},
	mendeley-groups = {Videogames (1)/DDA},
	pages = {91--96},
	title = {{AI for dynamic difficulty adjustment in games}},
	url = {http://www.aaai.org/Papers/Workshops/2004/WS-04-04/WS04-04-019.pdf},
	year = {2004}
}

@article{Yannakakis2009,
	author = {Yannakakis, Georgios N. and Hallam, John},
	doi = {10.1109/TCIAIG.2009.2024533},
	isbn = {1943-068X},
	issn = {1943068X},
	journal = {IEEE Transactions on Computational Intelligence and AI in Games},
	keywords = {Augmented-reality games,Gradient ascent,Neuroevolution,Player satisfaction,Real-time adaptation,User modeling},
	mendeley-groups = {Videogames (1),Videogames (1)/DDA},
	number = {2},
	pages = {121--133},
	title = {{Real-time game adaptation for optimizing player satisfaction}},
	volume = {1},
	year = {2009}
}

@article{Fu2011,
	author = {Fu, Tak Chung},
	doi = {10.1016/j.engappai.2010.09.007},
	file = {:C$\backslash$:/Users/SoPhie/AppData/Local/Mendeley Ltd./Mendeley Desktop/Downloaded/Fu - 2011 - A review on time series data mining.pdf:pdf},
	isbn = {2472061331},
	issn = {09521976},
	journal = {Engineering Applications of Artificial Intelligence},
	keywords = {Representation,Segmentation,Similarity measure,Time series data mining,Visualization},
	mendeley-groups = {Time-series Anlaysis},
	number = {1},
	pages = {164--181},
	publisher = {Elsevier},
	title = {{A review on time series data mining}},
	url = {http://dx.doi.org/10.1016/j.engappai.2010.09.007},
	volume = {24},
	year = {2011}
}

@article{Liao2005,
	 author = {Warren Liao, T.},
	 title = {Clustering of Time Series Data-a Survey},
	 journal = {Pattern Recogn.},
	 issue_date = {November, 2005},
	 volume = {38},
	 number = {11},
	 month = nov,
	 year = {2005},
	 issn = {0031-3203},
	 pages = {1857--1874},
	 numpages = {18},
	 url = {http://dx.doi.org/10.1016/j.patcog.2005.01.025},
	 doi = {10.1016/j.patcog.2005.01.025},
	 acmid = {1746700},
	 publisher = {Elsevier Science Inc.},
	 address = {New York, NY, USA},
	 keywords = {Clustering, Data mining, Distance measure, Time series data},
} 

@article{Yang2007,
	author = {Yang, Kiyoung and Shahabi, Cyrus},
	title = {{An efficient k nearest neighbor search for multivariate time series}},
	doi = {10.1016/j.ic.2006.08.004},
	issn = {08905401},
	journal = {Information and Computation},
	keywords = {Distance-based index structure,Feature subset selection,Multivariate time series,Principal component analysis,Similarity measure},
	mendeley-groups = {Time-series Anlaysis},
	number = {1},
	pages = {65--98},
	volume = {205},
	year = {2007}
}

@inproceedings{jennings2010polymorph,
  title={Polymorph: dynamic difficulty adjustment through level generation},
  author={Jennings-Teats, Martin and Smith, Gillian and Wardrip-Fruin, Noah},
  booktitle={Proceedings of the 2010 Workshop on Procedural Content Generation in Games},
  pages={11},
  year={2010},
  organization={ACM}
}

@incollection{NIPS2011_4302,
	title = {Predicting Dynamic Difficulty},
	author = {Olana Missura and Thomas G\"{a}rtner},
	booktitle = {Advances in Neural Information Processing Systems 24},
	editor = {J. Shawe-Taylor and R. S. Zemel and P. L. Bartlett and F. Pereira and K. Q. Weinberger},
	pages = {2007--2015},
	year = {2011},
	publisher = {Curran Associates, Inc.},
	url = {http://papers.nips.cc/paper/4302-predicting-dynamic-difficulty.pdf}
}

@inproceedings{DBLP:conf/flairs/RomdhaneL08,
  author    = {Houcine Romdhane and
               Luc Lamontagne},
  title     = {Reinforcement of Local Pattern Cases for Playing Tetris},
  booktitle = {Proceedings of the Twenty-First International Florida Artificial Intelligence
               Research Society Conference, May 15-17, 2008, Coconut Grove, Florida,
               {USA}},
  pages     = {263--268},
  year      = {2008},
  crossref  = {DBLP:conf/flairs/2008},
  url       = {http://www.aaai.org/Library/FLAIRS/2008/flairs08-066.php},
  timestamp = {Thu, 13 Dec 2012 12:01:48 +0100},
  biburl    = {http://dblp.uni-trier.de/rec/bib/conf/flairs/RomdhaneL08},
  bibsource = {dblp computer science bibliography, http://dblp.org}
}

@inproceedings{DBLP:conf/ewcbr/RomdhaneL08,
  author    = {Houcine Romdhane and
               Luc Lamontagne},
  title     = {Forgetting Reinforced Cases},
  booktitle = {Advances in Case-Based Reasoning, 9th European Conference, {ECCBR}
               2008, Trier, Germany, September 1-4, 2008. Proceedings},
  pages     = {474--486},
  year      = {2008},
  crossref  = {DBLP:conf/ewcbr/2008},
  url       = {http://dx.doi.org/10.1007/978-3-540-85502-6_32},
  doi       = {10.1007/978-3-540-85502-6_32},
  timestamp = {Sun, 31 Aug 2008 10:16:01 +0200},
  biburl    = {http://dblp.uni-trier.de/rec/bib/conf/ewcbr/RomdhaneL08},
  bibsource = {dblp computer science bibliography, http://dblp.org}
}

@inproceedings{floyd2011case,
  title={A case-based reasoning framework for developing agents using learning by observation},
  author={Floyd, Michael W and Esfandiari, Babak},
  booktitle={Tools with Artificial Intelligence (ICTAI), 2011 23rd IEEE International Conference on},
  pages={531--538},
  year={2011},
  organization={IEEE}
}

@article{Tom2014,
	author = {Tom, C Francisco},
	keywords = {gamer profile,time series,user evolution,video-games},
	mendeley-groups = {Time-series Anlaysis,Videogames/Time-series Analysis},
	pages = {262--271},
	title = {{Combining Time Series and Clustering to Extract Gamer Profile Evolution}},
	year = {2014}
}

@inproceedings{yang2005multilevel,
  title={A multilevel distance-based index structure for multivariate time series},
  author={Yang, Kiyoung and Shahabi, Cyrus},
  booktitle={Temporal Representation and Reasoning, 2005. TIME 2005. 12th International Symposium on},
  pages={65--73},
  year={2005},
  organization={IEEE}
}

@article{sweetser2005gameflow,
  title={GameFlow: a model for evaluating player enjoyment in games},
  author={Sweetser, Penelope and Wyeth, Peta},
  journal={Computers in Entertainment (CIE)},
  volume={3},
  number={3},
  pages={3--3},
  year={2005},
  publisher={ACM}
}

@Inbook{Nakamura2014,
	author={Nakamura, Jeanne
	and Csikszentmihalyi, Mihaly},
	chapter={The Concept of Flow},
	title={Flow and the Foundations of Positive Psychology: The Collected Works of Mihaly Csikszentmihalyi},
	year={2014},
	publisher={Springer Netherlands},
	address={Dordrecht},
	pages={239--263},
	isbn={978-94-017-9088-8},
	doi={10.1007/978-94-017-9088-8_16},
	url={http://dx.doi.org/10.1007/978-94-017-9088-8_16}
}

@article{Floyd2011,
	doi = {10.1109/ICTAI.2011.86},
	file = {:home/diana.lora/.local/share/data/Mendeley Ltd./Mendeley Desktop/Downloaded/Floyd, Esfandiari - 2011 - A Case-Based Reasoning Framework for Developing Agents Using Learning by Observation.pdf:pdf},
	isbn = {1082-3409},
	issn = {10823409},
	journal = {Tools with Artificial Intelligence (ICTAI), 2011 23rd IEEE International Conference on},
	pages = {531--538},
	title = {{A Case-Based Reasoning Framework for Developing Agents Using Learning by Observation}},
	year = {2011}
}

@incollection{Fagan2003,
	address = {Berlin, Heidelberg},
	author = {Fagan, Michael and Cunningham, P{\'{a}}draig},
	booktitle = {Case-Based Reasoning Research and Development},
	doi = {10.1007/3-540-45006-8_15},
	file = {::},
	mendeley-groups = {Videogames/CBR},
	pages = {161--170},
	publisher = {Springer Berlin Heidelberg},
	title = {{Case-Based Plan Recognition in Computer Games}},
	url = {http://link.springer.com/10.1007/3-540-45006-8{\_}15},
	year = {2003}
}

@article{Amr2009,
	author = {Amr, Tarek},
	journal = {Unpublished ; http://tarekamr.appspot.com/pdfs/fs022013.pdf},
	mendeley-groups = {Data Mining/Time-series analysis},
	pages = {1--10},
	title = {{Survey on Time-Series Data Classification}},
	year = {2009}
}

@inproceedings{flairs:2016,
	author={Lora, Diana and SÃ¡nchez-Ruiz, Antonio A. and GonzÃ¡lez-Calero, Pedro A. and GÃ³mez-MartÃ­n, Marco A.},
	title={Dynamic Difficulty Adjustment in Tetris},	
	howpublished={Proceedings of the 2016 FLAIRS The Florida Artificial Intelligence Research Society},
	year={2016}
}








